@inproceedings{Rainbow,
  title={Rainbow: Combining Improvements in Deep Reinforcement Learning},
  author={Matteo Hessel and Joseph Modayil and H. V. Hasselt and T. Schaul and Georg Ostrovski and W. Dabney and Dan Horgan and B. Piot and Mohammad Gheshlaghi Azar and D. Silver},
  booktitle={AAAI},
  year={2018}
}

@inproceedings{fujimoto2018:TD3,
  title     = {Addressing Function Approximation Error in Actor-Critic Methods},
  author    = {Fujimoto, Scott and van Hoof, Herke and Meger, David},
  booktitle = {Proceedings of the 35th International Conference on Machine Learning},
  pages     = {1587--1596},
  year      = {2018},
  editor    = {Jennifer Dy and Andreas Krause},
  volume    = {80},
  series    = {Proceedings of Machine Learning Research},
  address   = {Stockholmsmässan, Stockholm Sweden},
  month     = {10--15 Jul},
  publisher = {PMLR},
  pdf       = {http://proceedings.mlr.press/v80/fujimoto18a/fujimoto18a.pdf},
  url       = {http://proceedings.mlr.press/v80/fujimoto18a.html}
}

@InProceedings{wang2016:DDQN,
title = {Dueling Network Architectures for Deep Reinforcement Learning},
author = {Ziyu Wang and Tom Schaul and Matteo Hessel and Hado Hasselt and Marc Lanctot and Nando Freitas},
booktitle = {Proceedings of The 33rd International Conference on Machine Learning},
pages = {1995--2003},
year = 2016,
editor = {Maria Florina Balcan and Kilian Q. Weinberger},
volume = 48,
series = {Proceedings of Machine Learning Research},
address = {New York,
New York,
USA},
month = {20--22 Jun},
publisher = {PMLR},
pdf = {http://proceedings.mlr.press/v48/wangf16.pdf},
url = {http://proceedings.mlr.press/v48/wangf16.html},
}

@Article{Sehnke2010:PGPE,
  Title                    = {Parameter-exploring policy gradients},
  Author                   = {Frank Sehnke and Christian Osendorfer and Thomas R{\"u}ckstie{\ss} and Alex Graves and Jan Peters and J{\"u}rgen Schmidhuber},
  Journal                  = {Neural Networks},
  Year                     = {2010},
  Number                   = {4},
  Pages                    = {551-559},
  Volume                   = {23},
  Bibsource                = {DBLP, http://dblp.uni-trier.de},
  Ee                       = {http://dx.doi.org/10.1016/j.neunet.2009.12.004},
}


@article{SchulmanEtAl2017:PPO,
  author    = {John Schulman and
               Filip Wolski and
               Prafulla Dhariwal and
               Alec Radford and
               Oleg Klimov},
  title     = {Proximal Policy Optimization Algorithms},
  journal   = {CoRR},
  volume    = {abs/1707.06347},
  year      = {2017},
  url       = {http://arxiv.org/abs/1707.06347},
  archivePrefix = {arXiv},
  eprint    = {1707.06347},
}

@Article{Peters08:NAC,
  Title                    = {Natural {A}ctor-{C}ritic},
  Author                   = {Peters, J. and Schaal, S.},
  Journal                  = {Neurocomputing},
  Year                     = {2008},
  Number                   = {7-9},
  Pages                    = {1180-1190},
  Volume                   = {71},

  Key                      = {reinforcement learning, policy gradient, natural actor-critic, natural gradients},
  Url                      = {http://www-clmc.usc.edu/publications//P/peters-NC2008.pdf}
}


@InProceedings{HaarnojaAbbeelLevine2018:SAC,
  title = 	 {Soft Actor-Critic: Off-Policy Maximum Entropy Deep Reinforcement Learning with a Stochastic Actor},
  author = 	 {Haarnoja, Tuomas and Zhou, Aurick and Abbeel, Pieter and Levine, Sergey},
  booktitle = 	 {Proceedings of the 35th International Conference on Machine Learning},
  pages = 	 {1861--1870},
  year = 	 {2018},
  editor = 	 {Dy, Jennifer and Krause, Andreas},
  volume = 	 {80},
  series = 	 {Proceedings of Machine Learning Research},
  address = 	 {Stockholmsmässan, Stockholm Sweden},
  month = 	 {10--15 Jul},
  publisher = 	 {PMLR},
  pdf = 	 {http://proceedings.mlr.press/v80/haarnoja18b/haarnoja18b.pdf},
  url = 	 {http://proceedings.mlr.press/v80/haarnoja18b.html},
}

@article{mnih2015humanlevel,
  author = {Mnih, Volodymyr and Kavukcuoglu, Koray and Silver, David and Rusu, Andrei A. and Veness, Joel and Bellemare, Marc G. and Graves, Alex and Riedmiller, Martin and Fidjeland, Andreas K. and Ostrovski, Georg and Petersen, Stig and Beattie, Charles and Sadik, Amir and Antonoglou, Ioannis and King, Helen and Kumaran, Dharshan and Wierstra, Daan and Legg, Shane and Hassabis, Demis},
  description = {Human-level control through deep reinforcement learning - nature14236.pdf},
  issn = {00280836},
  journal = {Nature},
  keywords = {deep learning toread},
  month = feb,
  number = 7540,
  pages = {529--533},
  title = {Human-level control through deep reinforcement learning},
  url = {http://dx.doi.org/10.1038/nature14236},
  volume = 518,
  year = 2015
}



@article{deep-q,
  author     = {Volodymyr Mnih and
                Koray Kavukcuoglu and
                David Silver and
                Alex Graves and
                Ioannis Antonoglou and
                Daan Wierstra and
                Martin A. Riedmiller},
  title      = {Playing Atari with Deep Reinforcement Learning},
  journal    = {CoRR},
  volume     = {abs/1312.5602},
  year       = {2013},
  url        = {http://arxiv.org/abs/1312.5602},
  eprinttype = {arXiv},
  eprint     = {1312.5602},
  timestamp  = {Mon, 13 Aug 2018 16:47:42 +0200},
  biburl     = {https://dblp.org/rec/journals/corr/MnihKSGAWR13.bib},
  bibsource  = {dblp computer science bibliography, https://dblp.org}
}

@inproceedings{doubleQ,
  title     = {Double Q-learning},
  author    = {van Hasselt, Hado},
  booktitle = {Advances in Neural Information Processing Systems},
  pages     = {2613--2621},
  year      = {2010}
}

@article{PER,
  title   = {Prioritized Experience Replay},
  author  = {Schaul, Tom and Quan, John and Antonoglou, Ioannis and Silver, David},
  journal = {arXiv preprint arXiv:1511.05952},
  year    = {2015}
}


@inproceedings{dueling,
  title     = {Dueling Network Architectures for Deep Reinforcement Learning},
  author    = {Wang, Ziyu and Schaul, Tom and Hessel, Matteo and Hasselt, Hado and Lanctot, Marc and Freitas, Nando},
  booktitle = {Proceedings of The 33rd International Conference on Machine Learning},
  pages     = {1995--2003},
  year      = {2016},
  editor    = {Balcan, Maria Florina and Weinberger, Kilian Q.},
  volume    = {48},
  series    = {Proceedings of Machine Learning Research},
  address   = {New York, New York, USA},
  month     = {20--22 Jun},
  publisher = {PMLR},
  pdf       = {http://proceedings.mlr.press/v48/wangf16.pdf},
  url       = {https://proceedings.mlr.press/v48/wangf16.html}
}

@article{TD,
  title     = {Learning to predict by the methods of temporal differences},
  author    = {Sutton, Richard S},
  journal   = {Machine Learning},
  volume    = {3},
  number    = {1},
  pages     = {9--44},
  year      = {1988},
  publisher = {Springer}
}

@inproceedings{distributionalRL,
  title        = {A Distributional Perspective on Reinforcement Learning},
  author       = {Bellemare, Marc G. and Dabney, Will and Munos, R{\'e}mi},
  booktitle    = {Proceedings of the 34th International Conference on Machine Learning},
  pages        = {449--458},
  year         = {2017},
  organization = {PMLR}
}

@misc{NAF,
  title         = {Continuous Deep Q-Learning with Model-based Acceleration},
  author        = {Shixiang Gu and Timothy Lillicrap and Ilya Sutskever and Sergey Levine},
  year          = {2016},
  eprint        = {1603.00748},
  archiveprefix = {arXiv},
  primaryclass  = {cs.LG},
  url           = {https://arxiv.org/abs/1603.00748}
}

@inproceedings{NoisyNets,
  title     = {Noisy Networks for Exploration},
  author    = {Fortunato, Meire and Azar, Mohammad Gheshlaghi and Piot, Bilal and Menick, Jacob and Osband, Ian and Graves, Alex and Mnih, Vlad and Munos, R{\'e}mi and Hassabis, Demis and others},
  booktitle = {International Conference on Learning Representations},
  year      = {2018}
}

@misc{rainbow_GitHub,
  author = {Jinwoo Park},
  title  = {Rainbow is all you need! A step-by-step tutorial from DQN to Rainbow},
  year   = 2019,
  url    = {https://github.com/Curt-Park/rainbow-is-all-you-need},
  note   = {GitHub repository}
}

@misc{NAF_GitHub,
  author       = {Dittert, Sebastian},
  title        = {PyTorch Implementation of Normalized Advantage Function},
  year         = {2020},
  publisher    = {GitHub},
  journal      = {GitHub repository},
  howpublished = {\url{https://github.com/BY571/NAF}}
}


@misc{ddpg_original,
  title         = {Continuous control with deep reinforcement learning},
  author        = {Timothy P. Lillicrap and Jonathan J. Hunt and Alexander Pritzel and Nicolas Heess and Tom Erez and Yuval Tassa and David Silver and Daan Wierstra},
  year          = {2019},
  eprint        = {1509.02971},
  archiveprefix = {arXiv},
  primaryclass  = {cs.LG},
  url           = {https://arxiv.org/abs/1509.02971}
}

@inproceedings{eberhard2023pink,
  title     = {Pink noise is all you need: Colored noise exploration in deep reinforcement learning},
  author    = {Eberhard, Onno and Hollenstein, Jakob and Pinneri, Cristina and Martius, Georg},
  booktitle = {The Eleventh International Conference on Learning Representations},
  year      = {2023}
}

@misc{hockey_GitHub,
  author = {Georg Martius},
  title  = {A simple laser-hockey gym environment for RL agents},
  url    = {https://github.com/martius-lab/hockey-env},
  note   = {GitHub repository}
}

@misc{tdmpc,
  title         = {Temporal Difference Learning for Model Predictive Control},
  author        = {Nicklas Hansen and Xiaolong Wang and Hao Su},
  year          = {2022},
  eprint        = {2203.04955},
  archiveprefix = {arXiv},
  primaryclass  = {cs.LG},
  url           = {https://arxiv.org/abs/2203.04955}
}
@book{mpc,
  title     = {Model Predictive Control: Theory, Computation, and Design},
  author    = {Rawlings, J.B. and Mayne, D.Q. and Diehl, M.},
  isbn      = {9780975937730},
  url       = {https://books.google.de/books?id=MrJctAEACAAJ},
  year      = {2017},
  publisher = {Nob Hill Publishing}
}
@article{td_sutton,
  author    = {Sutton, Richard S.},
  title     = {Learning to Predict By the Methods of Temporal Differences},
  journal   = {Machine Learning},
  url       = {https://link.springer.com/article/10.1007/BF00115009},
  year      = {1988},
  volume    = {3},
  number    = {1},
  pages     = {9--44},
  month     = {August},
  publisher = {Springer Netherlands}
}
@inproceedings{Torabi2018BehavioralCF,
  title     = {Behavioral Cloning from Observation},
  author    = {Faraz Torabi and Garrett Warnell and Peter Stone},
  booktitle = {International Joint Conference on Artificial Intelligence},
  year      = {2018},
  url       = {https://api.semanticscholar.org/CorpusID:23206414}
}

@misc{towers2024gymnasiumstandardinterfacereinforcement,
  title         = {Gymnasium: A Standard Interface for Reinforcement Learning Environments},
  author        = {Mark Towers and Ariel Kwiatkowski and Jordan Terry and John U. Balis and Gianluca De Cola and Tristan Deleu and Manuel Goulão and Andreas Kallinteris and Markus Krimmel and Arjun KG and Rodrigo Perez-Vicente and Andrea Pierré and Sander Schulhoff and Jun Jet Tai and Hannah Tan and Omar G. Younis},
  year          = {2024},
  eprint        = {2407.17032},
  archiveprefix = {arXiv},
  primaryclass  = {cs.LG},
  url           = {https://arxiv.org/abs/2407.17032}
}
